<?xml version="1.0" encoding="utf-8"?>
<record xmlns="http://www.loc.gov/MARC21/slim" xmlns:xsi="http://www.w3.org/2001/XMLSchema-instance" xsi:schemaLocation="http://www.loc.gov/MARC21/slim http://www.loc.gov/standards/marcxml/schema/MARC21slim.xsd">
	<leader>
		02562nam a2200409   4500
	</leader>
	<controlfield tag="001">
		001689365
	</controlfield>
	<controlfield tag="003">
		NNU
	</controlfield>
	<controlfield tag="006">
		m        d        
	</controlfield>
	<controlfield tag="007">
		cr cn |||m|||a
	</controlfield>
	<controlfield tag="008">
		160223m19531954iq      ob    000 0 ara d
	</controlfield>
	<datafield ind1=" " ind2=" " tag="040">
		<subfield code="a">
			NNU
		</subfield>
		<subfield code="b">
			eng
		</subfield>
		<subfield code="c">
			NNU
		</subfield>
	</datafield>
	<datafield ind1=" " ind2="4" tag="050">
		<subfield code="a">
			BP192
		</subfield>
		<subfield code="b">
			.M8
		</subfield>
	</datafield>
	<datafield ind1=" " ind2=" " tag="066">
		<subfield code="c">
			(3
		</subfield>
	</datafield>
	<datafield ind1=" " ind2=" " tag="090">
		<subfield code="a">
			BP192
		</subfield>
		<subfield code="b">
			.M8
		</subfield>
	</datafield>
	<datafield ind1="1" ind2=" " tag="100">
		<subfield code="6">
			880-01
		</subfield>
		<subfield code="a">
			Muẓaffar, Muḥammad Ḥasan,
		</subfield>
		<subfield code="d">
			1883-1955.
		</subfield>
	</datafield>
	<datafield ind1="1" ind2="0" tag="245">
		<subfield code="6">
			880-02
		</subfield>
		<subfield code="a">
			Dalāʼil al-ṣidq fī al-jawāb ʻan Ibṭāl al-bāṭil alladhī waḍaʻahu al-Faḍl ibn Ruzbahān lil-Radd ʻalá Nahj al-ḥaqq lil-Ḥillī
		</subfield>
		<subfield code="h">
			[electronic resource] /
		</subfield>
		<subfield code="c">
			taʼlīf Muḥammad Ḥaṣan al-Muẓaffar.
		</subfield>
	</datafield>
	<datafield ind1=" " ind2=" " tag="260">
		<subfield code="6">
			880-03
		</subfield>
		<subfield code="a">
			Najaf :
		</subfield>
		<subfield code="b">
			al-Maṭbaʻah al-Ḥaydarīyah,
		</subfield>
		<subfield code="c">
			[1953?-1954 or 1955]
		</subfield>
	</datafield>
	<datafield ind1=" " ind2=" " tag="300">
		<subfield code="a">
			online resource (3 v.)
		</subfield>
	</datafield>
	<datafield ind1=" " ind2=" " tag="500">
		<subfield code="a">
			Part of the Arabic Collections Online (ACO) project, contributed by New York Univeristy Libraries.
		</subfield>
	</datafield>
	<datafield ind1=" " ind2=" " tag="504">
		<subfield code="a">
			Includes bibliographical references.
		</subfield>
	</datafield>
	<datafield ind1=" " ind2=" " tag="533">
		<subfield code="a">
			Electronic reproduction.
		</subfield>
		<subfield code="b">
			New York, N.Y. :
		</subfield>
		<subfield code="c">
			New York University,
		</subfield>
		<subfield code="d">
			2016.
		</subfield>
		<subfield code="5">
			NNU
		</subfield>
	</datafield>
	<datafield ind1=" " ind2="0" tag="650">
		<subfield code="a">
			Shiah
		</subfield>
		<subfield code="v">
			Apologetic works.
		</subfield>
	</datafield>
	<datafield ind1="0" ind2="0" tag="600">
		<subfield code="a">
			Faz̤l Allāh ibn Rūzbahān,
		</subfield>
		<subfield code="d">
			d. 1519.
		</subfield>
		<subfield code="t">
			Ibṭāl nahj al-bāṭil.
		</subfield>
	</datafield>
	<datafield ind1="1" ind2="0" tag="600">
		<subfield code="a">
			Ibn al-Muṭahhar al-Ḥillī, al-Ḥasan ibn Yūsuf,
		</subfield>
		<subfield code="d">
			1250-1325.
		</subfield>
		<subfield code="t">
			Nahj al-ḥaqq wa-kashf al-ṣidq.
		</subfield>
	</datafield>
	<datafield ind1="0" ind2=" " tag="700">
		<subfield code="6">
			880-04
		</subfield>
		<subfield code="a">
			Faz̤l Allāh ibn Rūzbahān,
		</subfield>
		<subfield code="d">
			d. 1519.
		</subfield>
		<subfield code="t">
			Ibṭāl nahj al-bāṭil.
		</subfield>
	</datafield>
	<datafield ind1="1" ind2=" " tag="700">
		<subfield code="6">
			880-05
		</subfield>
		<subfield code="a">
			Ibn al-Muṭahhar al-Ḥillī, al-Ḥasan ibn Yūsuf,
		</subfield>
		<subfield code="d">
			1250-1325.
		</subfield>
		<subfield code="t">
			Nahj al-ḥaqq wa-kashf al-ṣidq.
		</subfield>
	</datafield>
	<datafield ind1="2" ind2=" " tag="710">
		<subfield code="a">
			New York University.
		</subfield>
		<subfield code="b">
			Libraries.
		</subfield>
	</datafield>
	<datafield ind1="0" ind2=" " tag="730">
		<subfield code="a">
			Arabic Collections Online.
		</subfield>
	</datafield>
	<datafield ind1="0" ind2="8" tag="776">
		<subfield code="i">
			Print version:
		</subfield>
		<subfield code="a">
			Muẓaffar, Muḥammad Ḥasan, 1883-1955.
		</subfield>
		<subfield code="t">
			Dalāʼil al-ṣidq fī al-jawāb ʻan Ibṭāl al-bāṭil alladhī waḍaʻahu al-Faḍl ibn Ruzbahān lil-Radd ʻalá Nahj al-ḥaqq lil-Ḥillī
		</subfield>
		<subfield code="w">
			(NNU)001689365
		</subfield>
	</datafield>
	<datafield ind1="4" ind2="0" tag="856">
		<subfield code="u">
			http://hdl.handle.net/2333.1/kprr51t4
		</subfield>
	</datafield>
	<datafield ind1="1" ind2=" " tag="880">
		<subfield code="6">
			100-01/
		</subfield>
		<subfield code="a">
			مظفر، محمد حسن.
		</subfield>
	</datafield>
	<datafield ind1="1" ind2="0" tag="880">
		<subfield code="6">
			245-02/
		</subfield>
		<subfield code="a">
			دلائل الصدق في الجواب عن ابطال الباطل الذي وضعه الفضل بن روزبهان للرد على نهج الحق للحلي /
		</subfield>
		<subfield code="c">
			تأليف محمد حسن المظفر.
		</subfield>
	</datafield>
	<datafield ind1=" " ind2=" " tag="880">
		<subfield code="6">
			260-03/
		</subfield>
		<subfield code="a">
			نجف :
		</subfield>
		<subfield code="b">
			المطبعة الحيدرية،
		</subfield>
		<subfield code="c">
			[1953?-1954 or 1955]
		</subfield>
	</datafield>
	<datafield ind1="0" ind2=" " tag="880">
		<subfield code="6">
			700-04/
		</subfield>
		<subfield code="a">
			فضل الله بن روزبهان.
		</subfield>
		<subfield code="t">
			ابطال نهج الباطل.
		</subfield>
	</datafield>
	<datafield ind1="1" ind2=" " tag="880">
		<subfield code="6">
			700-05/
		</subfield>
		<subfield code="a">
			ابن المطهر الحلي، الحسن بن يوسف.
		</subfield>
		<subfield code="t">
			نهج الحق وكشف الصدق.
		</subfield>
	</datafield>
	<datafield ind1=" " ind2=" " tag="959">
		<subfield code="a">
			NNU
		</subfield>
		<subfield code="b">
			WEB
		</subfield>
		<subfield code="c">
			GENI
		</subfield>
		<subfield code="t">
			0
		</subfield>
		<subfield code="m">
			Electronic access
		</subfield>
		<subfield code="s">
			01
		</subfield>
	</datafield>
	<datafield ind1=" " ind2=" " tag="999">
		<subfield code="i">
			NNU_001689365
		</subfield>
		<subfield code="s">
			nyu_aco001745:v.1
		</subfield>
		<subfield code="s">
			nyu_aco001746:v.2
		</subfield>
		<subfield code="s">
			nyu_aco001747:v.3
		</subfield>
	</datafield>
</record>
